<record><leader>00000cas a2200000 a 4500</leader><controlfield tag="001">13723992</controlfield><controlfield tag="008">860612d18761879moudn ne      0    0eng d</controlfield><datafield ind1=" " ind2=" " tag="010"><subfield code="a">sn 86063684 </subfield></datafield><datafield ind1=" " ind2=" " tag="040"><subfield code="a">KSH</subfield><subfield code="b">eng</subfield><subfield code="c">KSH</subfield><subfield code="d">NPT</subfield><subfield code="d">PPM</subfield><subfield code="d">MQN</subfield><subfield code="d">GUA</subfield><subfield code="d">OCL</subfield><subfield code="d">OCLCQ</subfield></datafield><datafield ind1=" " ind2=" " tag="042"><subfield code="a">msc</subfield></datafield><datafield ind1="0" ind2=" " tag="130"><subfield code="a">St. Joseph daily herald (Saint Joseph, Mo. : 1876)</subfield></datafield><datafield ind1="1" ind2="0" tag="245"><subfield code="a">St. Joseph daily herald.</subfield></datafield><datafield ind1="3" ind2="0" tag="246"><subfield code="a">Saint Joseph daily herald</subfield></datafield><datafield ind1=" " ind2=" " tag="260"><subfield code="a">St. Joseph, Mo. :</subfield><subfield code="b">Tracy &amp; Co.,</subfield><subfield code="c">1876-1879.</subfield></datafield><datafield ind1=" " ind2=" " tag="300"><subfield code="a">v. ;</subfield><subfield code="c">69-76 cm.</subfield></datafield><datafield ind1=" " ind2=" " tag="310"><subfield code="a">Daily (except Mon.)</subfield></datafield><datafield ind1="0" ind2=" " tag="362"><subfield code="a">Vol. 15, no. 206 (Oct. 10, 1876)-v. 21, no. 49 (Aug. 27, 1879).</subfield></datafield><datafield ind1=" " ind2=" " tag="752"><subfield code="a">United States</subfield><subfield code="b">Missouri</subfield><subfield code="c">Buchanan</subfield><subfield code="d">Saint Joseph.</subfield></datafield><datafield ind1="0" ind2=" " tag="775"><subfield code="t">St. Joseph weekly herald (Saint Joseph, Mo. : 1869)</subfield><subfield code="w">(DLC)sn 85034128</subfield></datafield><datafield ind1="0" ind2=" " tag="775"><subfield code="t">St. Joseph dollar herald (Saint Joseph, Mo. : Daily)</subfield><subfield code="w">(DLC)sn 86063678</subfield></datafield><datafield ind1="0" ind2="0" tag="780"><subfield code="t">Daily morning herald (Saint Joseph, Mo.)</subfield><subfield code="w">(DLC)sn 85034129</subfield></datafield><datafield ind1="0" ind2="0" tag="785"><subfield code="t">St. Joseph herald (Saint Joseph, Mo. : 1879)</subfield><subfield code="w">(DLC)sn 86063685</subfield></datafield><datafield ind1="1" ind2=" " tag="029"><subfield code="a">AU@</subfield><subfield code="b">000022168786</subfield></datafield></record>